<?xml version="1.0" encoding="UTF-8"?><collection xmlns="http://www.loc.gov/MARC21/slim"><record><leader>00590nam--2200169-i-4500</leader><controlfield tag="001">000037285</controlfield><controlfield tag="002">20161230</controlfield><controlfield tag="005">20161230201041</controlfield><controlfield tag="008">060222s1000------------r-----000-0-eng-d</controlfield><datafield ind1=" " ind2=" " tag="040"><subfield code="a">IFIN-HH</subfield></datafield><datafield ind1=" " ind2=" " tag="080"><subfield code="a">524.5(061.3)</subfield></datafield><datafield ind1="1" ind2=" " tag="110"><subfield code="a">International Union Of Theoretical And Applied Mechanics</subfield></datafield><datafield ind1="1" ind2="0" tag="245"><subfield code="a">Problems of cosmical aerodynamics</subfield><subfield code="b">Proceedings of the symposium onthe motion of gaseous masses of cosmical dimensions held at paris, august 16-19, 1949</subfield></datafield><datafield ind1=" " ind2=" " tag="260"><subfield code="a">Ohio</subfield><subfield code="b">Central Air Documents Office</subfield><subfield code="c">1951</subfield></datafield><datafield ind1=" " ind2=" " tag="300"><subfield code="a">237P</subfield></datafield><datafield ind1=" " ind2=" " tag="852"><subfield code="a">47712</subfield><subfield code="c">521/522</subfield></datafield><datafield ind1=" " ind2=" " tag="CAT"><subfield code="a">Sys</subfield><subfield code="c">20130826</subfield><subfield code="h">173347</subfield></datafield></record></collection>